<?xml version = "1.0" encoding = "UTF-8"?><OAI-PMH xmlns="http://www.openarchives.org/OAI/2.0/" xmlns:xsi="http://www.w3.org/2001/XMLSchema-instance" xsi:schemaLocation="http://www.openarchives.org/OAI/2.0/ http://www.openarchives.org/OAI/2.0/OAI-PMH.xsd"><ListRecords><record><header><identifier>aleph-publish:005571337</identifier></header><metadata><record xmlns="http://www.ddb.de/professionell/mabxml/mabxml-1.xsd"><leader>00000nM2.01200024------h</leader><controlfield tag="LDR">00000nM2.01200024------h</controlfield><controlfield tag="FMT">MH</controlfield><datafield tag="001" ind1="-" ind2="1"><subfield code="a">HT007015768</subfield></datafield><datafield tag="002" ind1="a" ind2="1"><subfield code="a">19991120</subfield></datafield><datafield tag="003" ind1="-" ind2="1"><subfield code="a">20220903103213</subfield></datafield><datafield tag="020" ind1="a" ind2="1"><subfield code="a">796481-X</subfield><subfield code="b">DNB</subfield></datafield><datafield tag="025" ind1="a" ind2="1"><subfield code="a">01440785X</subfield></datafield><datafield tag="025" ind1="z" ind2="1"><subfield code="a">796481-X</subfield></datafield><datafield tag="026" ind1="-" ind2="1"><subfield code="a">ZDB796481-X</subfield></datafield><controlfield tag="030">a||u|||||||27</controlfield><datafield tag="036" ind1="a" ind2="1"><subfield code="a">XA-BE</subfield></datafield><datafield tag="037" ind1="b" ind2="1"><subfield code="a">ger</subfield></datafield><controlfield tag="050">a|a|||||||||||</controlfield><controlfield tag="052">p||||||t|||||||</controlfield><datafield tag="060" ind1="-" ind2="1"><subfield code="b">txt</subfield><subfield code="a">Text</subfield></datafield><datafield tag="061" ind1="-" ind2="1"><subfield code="b">n</subfield><subfield code="a">ohne Hilfsmittel zu benutzen</subfield></datafield><datafield tag="062" ind1="-" ind2="1"><subfield code="b">nc</subfield><subfield code="a">Band</subfield></datafield><datafield tag="064" ind1="a" ind2="1"><subfield code="a">Zeitschrift</subfield><subfield code="9">(DE-588)4067488-5</subfield></datafield><datafield tag="070" ind1="-" ind2="1"><subfield code="a">9001</subfield></datafield><datafield tag="070" ind1="a" ind2="1"><subfield code="a">DNB</subfield></datafield><datafield tag="070" ind1="b" ind2="1"><subfield code="a">9999</subfield></datafield><datafield tag="085" ind1="x" ind2="1"><subfield code="l">A</subfield></datafield><datafield tag="085" ind1="x" ind2="1"><subfield code="a">Sondernummer</subfield></datafield><datafield tag="200" ind1="-" ind2="1"><subfield code="k">Europäische Kommission</subfield><subfield code="b">Zentraldienst Archiv-Dokumentation</subfield><subfield code="9">(DE-588)1020273-0</subfield></datafield><datafield tag="201" ind1="-" ind2="1"><subfield code="k">Zentraldienst Archiv und Dokumentation</subfield><subfield code="h">Brüssel</subfield></datafield><datafield tag="201" ind1="-" ind2="1"><subfield code="k">Zentraldienst Archiv-Dokumentation</subfield><subfield code="h">Brüssel</subfield></datafield><datafield tag="201" ind1="-" ind2="1"><subfield code="k">Europäische Gemeinschaften</subfield><subfield code="b">Kommission</subfield><subfield code="b">Zentraldienst Archiv und Dokumentation</subfield></datafield><datafield tag="201" ind1="-" ind2="1"><subfield code="k">Europäische Gemeinschaften</subfield><subfield code="b">Centrale Dienst Archief-Documentatie</subfield></datafield><datafield tag="201" ind1="-" ind2="1"><subfield code="k">Europäische Gemeinschaften</subfield><subfield code="b">Servizio Centrale Archivi-Documentazione</subfield></datafield><datafield tag="201" ind1="-" ind2="1"><subfield code="k">SCAD</subfield></datafield><datafield tag="201" ind1="-" ind2="1"><subfield code="k">Europäische Gemeinschaften</subfield><subfield code="b">Central Archives and Documentation Service</subfield></datafield><datafield tag="201" ind1="-" ind2="1"><subfield code="k">Europäische Gemeinschaften</subfield><subfield code="b">Service Central Archives-Documentation</subfield></datafield><datafield tag="201" ind1="-" ind2="1"><subfield code="k">Europäische Gemeinschaften</subfield><subfield code="b">Centraltjenesten for Dokumentationsarkivet</subfield></datafield><datafield tag="201" ind1="-" ind2="1"><subfield code="k">Europäische Gemeinschaften</subfield><subfield code="b">Kommission</subfield><subfield code="b">Centrale Dienst Archief-Documentatie</subfield></datafield><datafield tag="201" ind1="-" ind2="1"><subfield code="k">Europäische Gemeinschaften</subfield><subfield code="b">Kommission</subfield><subfield code="b">Servizio Centrale Archivi-Documentazione</subfield></datafield><datafield tag="201" ind1="-" ind2="1"><subfield code="k">Europäische Gemeinschaften</subfield><subfield code="b">Kommission</subfield><subfield code="b">Centraltjenesten for Dokumentationsarkivet</subfield></datafield><datafield tag="201" ind1="-" ind2="1"><subfield code="k">Europäische Gemeinschaften</subfield><subfield code="b">Kommission</subfield><subfield code="b">Service Central Archives-Documentation</subfield></datafield><datafield tag="201" ind1="-" ind2="1"><subfield code="k">Europäische Gemeinschaften</subfield><subfield code="b">Kommission</subfield><subfield code="b">Central Archives and Documentation Service</subfield></datafield><datafield tag="201" ind1="-" ind2="1"><subfield code="k">Europäische Gemeinschaften</subfield><subfield code="b">Kommission</subfield><subfield code="b">Zentraldienst Archiv-Dokumentation</subfield></datafield><datafield tag="201" ind1="-" ind2="1"><subfield code="k">Europäische Gemeinschaften</subfield><subfield code="b">Zentraldienst Archiv und Dokumentation</subfield></datafield><datafield tag="201" ind1="-" ind2="1"><subfield code="k">Europäische Gemeinschaften</subfield><subfield code="b">Service Central Automatisé de Documentation</subfield></datafield><datafield tag="201" ind1="-" ind2="1"><subfield code="k">Europäische Gemeinschaften</subfield><subfield code="b">Kommission</subfield><subfield code="b">Service Central Automatisé de Documentation</subfield></datafield><datafield tag="201" ind1="-" ind2="1"><subfield code="k">Service Central Automatisé de Documentation</subfield><subfield code="h">Brüssel</subfield></datafield><datafield tag="201" ind1="-" ind2="1"><subfield code="k">Europäische Gemeinschaften</subfield><subfield code="b">Automatopoiēmenē Kentrikē Hypēresia Tekmēriōsēs</subfield></datafield><datafield tag="201" ind1="-" ind2="1"><subfield code="k">Europäische Gemeinschaften</subfield><subfield code="b">Kommission</subfield><subfield code="b">Automatopoiēmenē Kentrikē Hypēresia Tekmēriōsēs</subfield></datafield><datafield tag="201" ind1="-" ind2="1"><subfield code="k">Europäische Gemeinschaften</subfield><subfield code="b">Serviço Central Automatizado de Documentação</subfield></datafield><datafield tag="201" ind1="-" ind2="1"><subfield code="k">Europäische Gemeinschaften</subfield><subfield code="b">Servicio Central Automatizado de Documentación</subfield></datafield><datafield tag="201" ind1="-" ind2="1"><subfield code="k">Service Central de Documentation</subfield><subfield code="h">Brüssel</subfield></datafield><datafield tag="201" ind1="-" ind2="1"><subfield code="k">Europäische Gemeinschaften</subfield><subfield code="b">Service Central de Documentation</subfield></datafield><datafield tag="201" ind1="-" ind2="1"><subfield code="k">Servizio Centrale Automatizzato di Documentazione</subfield><subfield code="h">Brüssel</subfield></datafield><datafield tag="201" ind1="-" ind2="1"><subfield code="k">Europäische Gemeinschaften</subfield><subfield code="b">Servizio Centrale Automatizzato di Documentazione</subfield></datafield><datafield tag="201" ind1="-" ind2="1"><subfield code="k">Centrale Geautomatiseerde Documentatiedienst</subfield><subfield code="h">Brüssel</subfield></datafield><datafield tag="201" ind1="-" ind2="1"><subfield code="k">Europäische Gemeinschaften</subfield><subfield code="b">Centrale Geautomatiseerde Documentatiedienst</subfield></datafield><datafield tag="201" ind1="-" ind2="1"><subfield code="k">Europäische Gemeinschaften</subfield><subfield code="b">Automated Central Archives and Documentation Service</subfield></datafield><datafield tag="201" ind1="-" ind2="1"><subfield code="k">Europäische Gemeinschaften</subfield><subfield code="b">Kommission</subfield><subfield code="b">Automated Central Archives and Documentation Service</subfield></datafield><datafield tag="201" ind1="-" ind2="1"><subfield code="k">Automated Central Archives and Documentation Service</subfield><subfield code="h">Brüssel</subfield></datafield><datafield tag="331" ind1="-" ind2="1"><subfield code="a">Dokumentationsbulletin</subfield></datafield><datafield tag="333" ind1="-" ind2="1"><subfield code="a">Kommission der Europäischen Gemeinschaften, Zentraldienst Archiv, Dokumentation, Abteilung IX/C/3</subfield></datafield><datafield tag="341" ind1="-" ind2="1"><subfield code="a">Bulletin de renseignement documentaire / Commission des Communautés Européennes, Service Central Archives-Documentation (SCAD), Division IX/C/3</subfield></datafield><datafield tag="345" ind1="-" ind2="1"><subfield code="a">Bollettino di informazione documentaria / Commissione delle Comunità Europee, Servizio Centrale Archivi-Documentazione, Divisone IX/C/3</subfield></datafield><datafield tag="360" ind1="-" ind2="1"><subfield code="a">A</subfield></datafield><datafield tag="360" ind1="-" ind2="1"><subfield code="a">Sondernummer</subfield></datafield><datafield tag="370" ind1="a" ind2="1"><subfield code="a">Bulletin de renseignement documentaire / Commission des Communautés Européennes, Service Central Archives-Documentation (SCAD), Division IX/C/3</subfield></datafield><datafield tag="370" ind1="a" ind2="1"><subfield code="a">Bollettino di informazione documentaria / Commissione delle Comunità Europee, Servizio Centrale Archivi-Documentazione, Divisone IX/C/3</subfield></datafield><datafield tag="370" ind1="a" ind2="1"><subfield code="a">Dokumentationsbulletin / A / Sondernummer</subfield></datafield><datafield tag="370" ind1="a" ind2="1"><subfield code="a">Documentatiebulletin</subfield></datafield><datafield tag="405" ind1="-" ind2="1"><subfield code="a">1980 nachgewiesen</subfield></datafield><datafield tag="406" ind1="a" ind2="1"><subfield code="j">1980</subfield></datafield><datafield tag="419" ind1="-" ind2="1"><subfield code="a">Luxembourg</subfield><subfield code="b">Amt für Amtl. Veröff. d. Europ. Gemeinschaften</subfield><subfield code="c">1980</subfield><subfield code="A">3</subfield></datafield><datafield tag="425" ind1="b" ind2="1"><subfield code="a">1980</subfield></datafield><datafield tag="425" ind1="c" ind2="1"><subfield code="a">1980</subfield></datafield><datafield tag="505" ind1="-" ind2="1"><subfield code="p">Nebent.:</subfield><subfield code="a">Documentatiebulletin</subfield></datafield><datafield tag="700" ind1="-" ind2="1"><subfield code="a">320</subfield><subfield code="2">ZDB</subfield></datafield><controlfield tag="SYS">005571337</controlfield><datafield tag="LOW" ind1="-" ind2="1"><subfield code="a">B0001</subfield></datafield><datafield tag="088" ind1=" " ind2=" "><subfield code="a">294</subfield><subfield code="b">Zeitschriften</subfield><subfield code="c">ZRC 676</subfield><subfield code="d">1980=2. Aufl.</subfield></datafield><datafield tag="200" ind1=" " ind2="9"><subfield code="0">1</subfield><subfield code="b">1980=2. Aufl.</subfield><subfield code="e">Standort: Witten</subfield><subfield code="f">ZRC 676</subfield><subfield code="g">Zeitschriften</subfield><subfield code="2">B0001</subfield></datafield></record></metadata></record></ListRecords></OAI-PMH>